@misc{awsguide,
  author = {Tabby Ward (AWS) and Rohan Mehta (AWS) and Rimpy Tewani (AWS)},
  title = {{Implement the serverless saga pattern by using AWS Step Functions}},
  howpublished = "\url{https://docs.aws.amazon.com/prescriptive-guidance/latest/patterns/implement-the-serverless-saga-pattern-by-using-aws-step-functions.html}"
}

@misc{awssdkgo,
  title = {{AWS SDK for Go v2}},
  howpublished = "\url{https://pkg.go.dev/github.com/aws/aws-sdk-go-v2}"
}

@misc{awslambdago,
  title = {{AWS lambda (Go)}},
  howpublished = "\url{https://pkg.go.dev/github.com/aws/aws-lambda-go}"
}

@misc{goerrors,
  title = {{Go by Example: Errors}},
  howpublished = "\url{https://gobyexample.com/errors}"
}

@misc{aws,
  title = {{Amazon AWS}},
  howpublished = "\url{https://aws.amazon.com/it/}"
}

@misc{awsapig,
  author = {{Amazon AWS}},
  title = {{API Gateway}},
  howpublished = "\url{https://aws.amazon.com/it/api-gateway/}"
}

@misc{awssfn,
  author = {{Amazon AWS}},
  title = {{Step Functions}},
  howpublished = "\url{https://aws.amazon.com/it/step-functions/}"
}

@misc{awslambda,
  author = {{Amazon AWS}},
  title = {{Lambda}},
  howpublished = "\url{https://aws.amazon.com/it/lambda/}"
}

@misc{awsdyndb,
  author = {{Amazon AWS}},
  title = {{DynamoDB}},
  howpublished = "\url{https://aws.amazon.com/it/dynamodb/}"
}

@misc{awssm,
  author = {{Amazon AWS}},
  title = {{Secrets Manager}},
  howpublished = "\url{https://aws.amazon.com/it/secrets-manager/}"
}

@misc{nyctlctrip,
  author = {{NYC}},
  title = {{TLC Trip Record Data}},
  howpublished = "\url{https://www.nyc.gov/site/tlc/about/tlc-trip-record-data.page}"
}

@misc{awsstartexecution,
  author = {{Amazon AWS}},
  title = {{Step Functions - Actions: StartExecution}},
  howpublished = "\url{https://docs.aws.amazon.com/step-functions/latest/apireference/API_StartExecution.html}"
}

@misc{nycdatadict,
  author = {{NYC}},
  title = {{Data Dictionary â€“ Yellow Taxi Trip Records}},
  howpublished = "\url{https://www.nyc.gov/assets/tlc/downloads/pdf/data_dictionary_trip_records_yellow.pdf}"
}

@misc{gomodreplace,
  author = {{Golang}},
  title = {{Go Modules Reference - The Go Programming Language}},
  howpublished = "\url{https://go.dev/ref/mod#go-mod-file-replace}"
}

@misc{gobuildconstr,
  author = {{Golang}},
  title = {{build package - go/build - Go Packages}},
  howpublished = "\url{https://pkg.go.dev/go/build#hdr-Build_Constraints}"
}

@misc{amazonasl,
  author = {{AWS}},
  title = {{Amazon States Language - AWS Step Functions}},
  howpublished = "\url{https://docs.aws.amazon.com/step-functions/latest/dg/concepts-amazon-states-language.html}"
}